<?xml version="1.0" encoding="UTF-8"?><collection xmlns="http://www.loc.gov/MARC21/slim"><record><leader>00522nam--2200169-u-4500</leader><controlfield tag="001">000055007</controlfield><controlfield tag="002">20161230</controlfield><controlfield tag="005">20161230201051</controlfield><controlfield tag="008">121017s1000------------r-----000-0-eng-d</controlfield><datafield ind1=" " ind2=" " tag="040"><subfield code="a">IFIN-HH</subfield></datafield><datafield ind1=" " ind2=" " tag="080"><subfield code="a">539.2:539.12.04:536.21</subfield></datafield><datafield ind1="1" ind2=" " tag="100"><subfield code="a">Radosevich, Lee George</subfield></datafield><datafield ind1="1" ind2="0" tag="245"><subfield code="a">Scattering of photons by u centers in alkali halide crystals</subfield><subfield code="b">Dissertation</subfield><subfield code="c">Lee george radosevich</subfield></datafield><datafield ind1=" " ind2=" " tag="260"><subfield code="a">Ann Arbor, Michigan</subfield><subfield code="b">Univerity Microflims, Inc</subfield><subfield code="c">1968</subfield></datafield><datafield ind1=" " ind2=" " tag="300"><subfield code="a">159P</subfield></datafield><datafield ind1=" " ind2=" " tag="852"><subfield code="a">32358</subfield><subfield code="c">539.2</subfield></datafield><datafield ind1=" " ind2=" " tag="CAT"><subfield code="a">Sys</subfield><subfield code="c">20121017</subfield><subfield code="h">121447</subfield></datafield></record></collection>